Automatically generated by Mendeley Desktop 1.12
Any changes to this file will be lost if it is regenerated by Mendeley.

BibTeX export options can be customized via Options -> BibTeX in Mendeley Desktop

@misc{GoogleWeb,
file = {:home/chengli/Documents/Mendeley\_Papers/Google.html:html},
title = {{Google Webpage}},
howpublished  = {\url{www.google.com}},
note = "[Online; accessed 20-August-2014]"
}
@inproceedings{Decandia2007Dynamo,
author = {DeCandia, Giuseppe and Hastorun, Deniz and Jampani, Madan and Kakulapati, Gunavardhan and Lakshman, Avinash and Pilchin, Alex and Sivasubramanian, Swaminathan and Vosshall, Peter and Vogels, Werner},
booktitle = {Proceedings of Twenty-first ACM SIGOPS Symposium on Operating Systems Principles (SOSP'07)},
file = {:home/chengli/.local/share/data/Mendeley Ltd./Mendeley Desktop/Downloaded/Decandia et al. - 2007 - Dynamo amazon's highly available key-value store.pdf:pdf},
isbn = {9781595935915},
title = {{Dynamo: amazon's highly available key-value store}},
url = {http://www.read.seas.harvard.edu/~kohler/class/cs239-w08/decandia07dynamo.pdf},
year = {2007}
}
@misc{FB2013AnnualReport,
author = {Facebook},
file = {:home/chengli/Documents/Mendeley\_Papers/FB\_AR\_33501\_FINAL.pdf:pdf},
title = {{Annual Report 2013}},
howpublished = {\url{http://investor.fb.com/annuals.cfm}},
note = "[Online; accessed 20-August-2014]",
year = {2013}
}
@inproceedings{Li2012RedBlue,
author = {Li, Cheng and Porto, Daniel and Clement, Allen and Gehrke, Johannes and Pregui{\c c}a, Nuno and Rodrigues, Rodrigo},
booktitle = {Proceedings of the 10th USENIX Conference on Operating Systems Design and Implementation (OSDI'12)},
file = {:home/chengli/.local/share/data/Mendeley Ltd./Mendeley Desktop/Downloaded/Li et al. - 2012 - Making geo-replicated systems fast as possible, consistent when necessary.pdf:pdf},
title = {{Making Geo-Replicated Systems Fast as Possible, Consistent when Necessary.}},
url = {https://www.usenix.org/system/files/conference/osdi12/osdi12-final-162.pdf},
year = {2012}
}
@misc{WebPerformance,
file = {:home/chengli/Documents/Mendeley\_Papers/201110\_why\_web\_performance\_matters.pdf:pdf},
title = {{Why Web Performance Matters : Is Your Site Driving Customers Away ?}},
howpublished = {\url{http://www.mcrinc.com/Documents/Newsletters/201110_why_web_performance_matters.pdf}}
}
@misc{AmazonWeb,
file = {:home/chengli/Documents/Mendeley\_Papers/Amazon Web Services (AWS) - Cloud Computing Services.html:html},
title = {{Amazon Web Services (AWS) - Cloud Computing Services}},
howpublished = {\url{http://aws.amazon.com/}},
note = "[Online; accessed 20-August-2014]"
}
@misc{FacebookWeb,
file = {:home/chengli/Documents/Mendeley\_Papers/Welcome to Facebook - Log In, Sign Up or Learn More.html:html},
title = {{Welcome to Facebook - Log In, Sign Up or Learn More}},
howpublished = {\url{https://www.facebook.com/}},
note = "[Online; accessed 20-August-2014]"
}

@misc{FacebookGeoRe,
title = {{Geo-Replication at Facebook}},
author = {Hamilton, James},
howpublished = {\url{http://perspectives.mvdirona.com/2008/08/geo-replication-at-facebook/}},
note = "[Online; accessed 15-Sep-2015]"
}


@inproceedings{Cahill2008Serializable,
 author = {Cahill, Michael J. and R\"{o}hm, Uwe and Fekete, Alan D.},
 title = {Serializable Isolation for Snapshot Databases},
 booktitle = {Proceedings of the 2008 ACM SIGMOD International Conference on Management of Data},
 series = {SIGMOD '08},
 year = {2008},
 isbn = {978-1-60558-102-6},
 location = {Vancouver, Canada},
 pages = {729--738},
 numpages = {10},
 url = {http://doi.acm.org/10.1145/1376616.1376690},
 doi = {10.1145/1376616.1376690},
 acmid = {1376690},
 publisher = {ACM},
 address = {New York, NY, USA},
 keywords = {multiversion concurrency control, serializability theory, snapshot isolation},
} 

@inproceedings{Alvaro2011Bloom,
author = {Alvaro, Peter and Conway, Neil and Hellerstein, Joseph M. and Marczak, William R.},
booktitle = {Proceedings of the Fifth Biennial Conference on Innovative Data Systems Research},
series = {CIDR'11},
file = {:home/chengli/Documents/Mendeley\_Papers/cidr11-bloom.pdf:pdf},
title = {{Consistency Analysis in Bloom: a CALM and Collected Approach.}},
url = {http://scholar.google.com/scholar?hl=en\&btnG=Search\&q=intitle:Consistency+Analysis+in+Bloom+:+a+CALM+and+Collected+Approach\#0},
year = {2011}
}

@misc{MicrosoftWeb,
file = {:home/chengli/Documents/Mendeley\_Papers/Microsoft Deutschland | Ger\"{a}te und Dienste.html:html},
title = {{Microsoft US | Devices and Services}},
howpublished = {\url{www.microsoft.com/}},
note = "[Online; accessed 20-August-2014]"
}

@misc{MicrosoftGeoRe,
author = {},
title = {{Introducing Geo-replication for Windows Azure Storage}},
howpublished = {\url{http://blogs.msdn.com/b/windowsazurestorage/archive/2011/09/15/introducing-geo-replication-for-windows-azure-storage.aspx}},
note = "[Online; accessed 15-Sep-2015]"
}


@article{Ladin1992LazyReplication,
author = {Ladin, Rivka and Liskov, Barbara and Shrira, Liuba and Ghemawat, Sanjay},
file = {:home/chengli/Documents/Mendeley\_Papers/p360-ladin.pdf:pdf},
journal = {ACM Transactions on Computer Systems},
number = {4},
pages = {360--391},
title = {{Providing high availability using lazy replication}},
url = {http://dl.acm.org/citation.cfm?id=138877},
year = {1992}
}

@inproceedings{Chang2006Bigtable,
 author = {Chang, Fay and Dean, Jeffrey and Ghemawat, Sanjay and Hsieh, Wilson C. and Wallach, Deborah A. and Burrows, Mike and Chandra, Tushar and Fikes, Andrew and Gruber, Robert E.},
 title = {Bigtable: A Distributed Storage System for Structured Data},
 booktitle = {Proceedings of the 7th Symposium on Operating Systems Design and Implementation},
 series = {OSDI '06},
 year = {2006},
 isbn = {1-931971-47-1},
 location = {Seattle, Washington},
 pages = {205--218},
 numpages = {14},
 url = {http://dl.acm.org/citation.cfm?id=1298455.1298475},
 acmid = {1298475},
 publisher = {USENIX Association},
 address = {Berkeley, CA, USA},
} 

@article{Vogels2009Eventual,
author = {Vogels, Werner},
file = {:home/chengli/Documents/Mendeley\_Papers/p40-vogels.pdf:pdf},
journal = {Communications of the ACM},
title = {{Eventually consistent}},
url = {http://dl.acm.org/citation.cfm?id=1435432},
year = {2009}
}

@inproceedings{Beaver2010Needle,
 author = {Beaver, Doug and Kumar, Sanjeev and Li, Harry C. and Sobel, Jason and Vajgel, Peter},
 title = {Finding a Needle in Haystack: Facebook's Photo Storage},
 booktitle = {Proceedings of the 9th USENIX Conference on Operating Systems Design and Implementation},
 series = {OSDI'10},
 year = {2010},
 location = {Vancouver, BC, Canada},
 pages = {1--8},
 numpages = {8},
 url = {http://dl.acm.org/citation.cfm?id=1924943.1924947},
 acmid = {1924947},
 publisher = {USENIX Association},
 address = {Berkeley, CA, USA},
} 

@misc{Google2014CloudDataStore,
author = {Google},
file = {:home/chengli/Documents/Mendeley\_Papers/Balancing Strong and Eventual Consistency with Google Cloud Datastore.html:html},
title = {{Balancing Strong and Eventual Consistency with Google Cloud Datastore}},
howpublished = {\url{https://cloud.google.com/developers/articles/balancing-strong-and-eventual-consistency-with-google-cloud-datastore}},
note = "[Online; accessed 7-Jan-2014]",
}
@inproceedings{Li2014SIEVE,
author = {Li, Cheng and Leit{\~ a}o, Jo{\~ a}o and Clement, Allen and Pregui{\c c}a, Nuno and Rodrigues, Rodrigo and Vafeiadis, Viktor},
booktitle = {Proceedings of the 2014 USENIX Annual Technical Conference (USENIX ATC'14)},
file = {:home/chengli/Documents/Mendeley\_Papers/atc14-paper-li\_cheng.pdf:pdf},
isbn = {9781931971102},
title = {{Automating the choice of consistency levels in replicated systems}},
url = {http://www.mpi-sws.org/~chengli/papers/sieve-usenix-atc-final.pdf},
year = {2014}
}
@article{Saito2005Optimistic,
author = {Saito, Yasushi and Shapiro, Marc},
file = {:home/chengli/Documents/Mendeley\_Papers/optimistic-survey.pdf:pdf},
journal = {ACM Computing Surveys (CSUR)},
title = {{Optimistic replication}},
url = {http://dl.acm.org/citation.cfm?id=1057980},
year = {2005}
}
@inproceedings{Terry2013SLA,
address = {New York, New York, USA},
author = {Terry, Douglas B. and Prabhakaran, Vijayan and Kotla, Ramakrishna and Balakrishnan, Mahesh and Aguilera, Marcos K. and Abu-Libdeh, Hussam},
booktitle = {Proceedings of the Twenty-Fourth ACM Symposium on Operating Systems Principles (SOSP '13)},
doi = {10.1145/2517349.2522731},
file = {:home/chengli/Downloads/PileusSOSP2013.pdf:pdf},
isbn = {9781450323888},
keywords = {classroom use is granted,cloud computing,consistency,or hard copies of,part or all of,permission to make digital,replication,service level agreement,storage,this,without fee,work for personal or},
pages = {309--324},
publisher = {ACM Press},
title = {{Consistency-based service level agreements for cloud storage}},
url = {http://dl.acm.org/citation.cfm?doid=2517349.2522731},
year = {2013}
}
@inproceedings{Singh2009Zeno,
author = {Singh, Atul and Fonseca, Pedro and Kuznetsov, Petr and Rodrigues, Rodrigo and Maniatis, Petros},
booktitle = {Proceedings of the 6th USENIX Symposium on Networked Systems Design and Implementation (NSDI'09)},
file = {:home/chengli/Documents/Mendeley\_Papers/singh.pdf:pdf},
pages = {169--184},
title = {{Zeno: Eventually Consistent Byzantine-Fault Tolerance.}},
url = {https://www.usenix.org/event/nsdi09/tech/full\_papers/singh/singh\_html/},
year = {2009}
}
@article{Cooper2008Pnuts,
author = {Cooper, Brian F. and Ramakrishnan, Raghu and Srivastava, Utkarsh and Silberstein, Adam and Bohannon, Philip and Jacobsen, Hans-Arno and Puz, Nick and Weaver, Daniel and Yerneni, Ramana},
file = {:home/chengli/.local/share/data/Mendeley Ltd./Mendeley Desktop/Downloaded/Cooper, Ramakrishnan - 2008 - PNUTS Yahoo!'s hosted data serving platform.pdf:pdf},
isbn = {0000000000000},
journal = {Proc. VLDB Endow},
title = {{PNUTS: Yahoo!'s hosted data serving platform}},
url = {http://dl.acm.org/citation.cfm?id=1454167},
year = {2008}
}
@inproceedings{Alvaro2014Blazes,
author = {Alvaro, Peter and Conway, Neil and Hellerstein, Joseph M. and Maier, David},
booktitle = {Proceedings of the IEEE 30th International Conference on Data Engineering},
series = {ICDE'14},
file = {:home/chengli/Downloads/icde14-blazes.pdf:pdf},
title = {{Blazes: coordination analysis for distributed programs}},
url = {http://ieeexplore.ieee.org/xpls/abs\_all.jsp?arnumber=6816639},
year = {2014}
}

@article{Herlihy1990Linearizability,
author = {Herlihy, Maurice P. and Wing, Jeannette M.},
doi = {10.1145/78969.78972},
file = {:home/chengli/Downloads/p463-herlihy.pdf:pdf},
issn = {01640925},
journal = {ACM Transactions on Programming Languages and Systems},
keywords = {and phrases,concurrrency,processing,serializability,shared memory,specification},
month = jul,
number = {3},
pages = {463--492},
title = {{Linearizability: a correctness condition for concurrent objects}},
url = {http://portal.acm.org/citation.cfm?doid=78969.78972},
volume = {12},
year = {1990}
}
@misc{Sullivan2013Search,
author = {Sullivan, Danny},
file = {:home/chengli/Documents/Mendeley\_Papers/Google Still World's Most Popular Search Engine By Far, But Share Of Unique Searchers Dips Slightly.html:html},
title = {{Google Still World's Most Popular Search Engine By Far, But Share Of Unique Searchers Dips Slightly}},
howpublished = {\url{http://searchengineland.com/google-worlds-most-popular-search-engine-148089}},
note = "[Online; accessed 20-August-2014]",
year = {2013}
}
@inproceedings{Calder2011Azure,
author = {Calder, Brad and Wang, Ju and Ogus, Aaron and Nilakantan, Niranjan and Skjolsvold, Arild and McKelvie, Sam and Xu, Yikang and Srivastav, Shashwat and Wu, Jiesheng and Simitci, Huseyin and Haridas, Jaidev and Uddaraju, Chakravarthy and Khatri, Hemal and Edwards, Andrew and Bedekar, Vaman and Mainali, Shane and Abbasi, Rafay and Agarwal, Arpit and ul Haq, Mian Fahim and ul Haq, Muhammad Ikram and Bhardwaj, Deepali and Dayanand, Sowmya and Adusumilli, Anitha and McNett, Marvin and Sankaran, Sriram and Manivannan, Kavitha and Rigas, Leonidas},
booktitle = {Proceedings of the Twenty-Third ACM Symposium on Operating Systems Principles (SOSP'11)},
file = {:home/chengli/.local/share/data/Mendeley Ltd./Mendeley Desktop/Downloaded/Calder, Wang, Ogus - 2011 - Windows Azure Storage a highly available cloud storage service with strong consistency.pdf:pdf},
isbn = {9781450309776},
keywords = {cloud storage,distributed storage systems,windows azure},
title = {{Windows Azure Storage: a highly available cloud storage service with strong consistency}},
url = {http://dl.acm.org/citation.cfm?id=2043571},
year = {2011}
}
@inproceedings{Baker2011Megastore,
author = {Baker, Jason and Bond, Chris and Corbett, James C. and Furman, Jj and Khorlin, Andrey and Larson, James and {Le ́on}, Jean-Michel and Li, Yawei and Lloyd, Alexander and Yushprakh, Vadim},
booktitle = {Proceedings of the Conference on Innovative Data system Research},
series = {CIDR'11},
file = {:home/chengli/Documents/Mendeley\_Papers/36971.pdf:pdf},
keywords = {bigtable,distributed transactions,large databases,paxos},
pages = {223--234},
title = {{Megastore: Providing Scalable, Highly Available Storage for Interactive Services.}},
url = {http://www.cidrdb.org/cidr2011/Papers/CIDR11\_Paper32.pdf},
year = {2011}
}
@techreport{Burckhardt2013Eventual,
author = {Burckhardt, Sebastian and Gotsman, Alexey and Yang, Hongseok},
file = {:home/chengli/Documents/Mendeley\_Papers/distrmm-long-3-25-13.pdf:pdf},
institution = {Microsoft Research},
title = {{Understanding eventual consistency}},
url = {http://www.dagstuhl.de/mat/Files/13/13081/13081.GotsmanAlexey.Paper.pdf},
year = {2013}
}
@techreport{Li2012RedBlueTR,
author = {Li, Cheng and Porto, Daniel and Clement, Allen and Gehrke, Johannes and Pregui{\c c}a, Nuno and Rodrigues, Rodrigo},
booktitle = {OSDI},
file = {:home/chengli/Documents/Mendeley\_Papers/rbTR.pdf:pdf},
institution = {MPI-SWS},
pages = {1--22},
title = {{Making Geo-Replicated Systems Fast as Possible, Consistent when Necessary.}},
url = {https://www.usenix.org/system/files/conference/osdi12/osdi12-final-162.pdf},
year = {2012}
}
@article{Sovran2011PSI,
address = {New York, New York, USA},
author = {Sovran, Yair and Power, Russell and Aguilera, Marcos K. and Li, Jinyang},
doi = {10.1145/2043556.2043592},
file = {:home/chengli/.local/share/data/Mendeley Ltd./Mendeley Desktop/Downloaded/Sovran et al. - 2011 - Transactional storage for geo-replicated systems.pdf:pdf},
isbn = {9781450309776},
journal = {Proceedings of the Twenty-Third ACM Symposium on Operating Systems Principles (SOSP '11)},
keywords = {asynchronous replication,dis-,geo-distributed systems,key-value store,parallel snapshot isolation,transactions,tributed storage},
pages = {385},
publisher = {ACM Press},
title = {{Transactional storage for geo-replicated systems}},
url = {http://dl.acm.org/citation.cfm?doid=2043556.2043592},
year = {2011}
}
@techreport{Shapiro2011CRDTs,
author = {Shapiro, Marc and Pregui\c{c}a, Nuno and Baquero, Carlos and Zawirski, Marek},
file = {:home/chengli/.local/share/data/Mendeley Ltd./Mendeley Desktop/Downloaded/Shapiro - 2011 - INSTITUT NATIONAL DE RECHERCHE EN INFORMATIQUE ET EN AUTOMATIQUE A comprehensive study of Convergent and Commutative Re.pdf:pdf},
institution = {INRIA},
title = {{A comprehensive study of convergent and commutative replicated data types}},
url = {http://hal.upmc.fr/inria-00555588},
year = {2011}
}
@inproceedings{Lloyd2011Causal,
author = {Lloyd, Wyatt and Freedman, Michael J. and Kaminsky, Michael and Andersen, David G.},
booktitle = {Proceedings of the Twenty-Third ACM Symposium on Operating Systems Principles (SOSP'11)},
file = {:home/chengli/.local/share/data/Mendeley Ltd./Mendeley Desktop/Downloaded/Lloyd et al. - Unknown - Don't Settle for Eventual Scalable Causal Consistency for Wide-Area Storage with COPS Categories and Subject.pdf:pdf},
isbn = {9781450309776},
keywords = {Key-value storage,all or part of,alps systems,causal,causal+ consistency,consistency,key-value storage,or hard copies of,permission to make digital,read transactions,scalable w,scalable wide-area replica-,this work for,tion},
pages = {401--416},
title = {{Don't Settle for Eventual : Scalable Causal Consistency for Wide-Area Storage with COPS Categories and Subject Descriptors}}
}

@article{Yu2002Continuous,
author = {Yu, Haifeng and Vahdat, Amin},
doi = {10.1145/566340.566342},
file = {:home/chengli/Downloads/yuvahdat.pdf:pdf},
issn = {07342071},
journal = {ACM Transactions on Computer Systems (TOCS)},
month = aug,
number = {3},
pages = {239--282},
title = {{Design and evaluation of a conit-based continuous consistency model for replicated services}},
url = {http://portal.acm.org/citation.cfm?doid=566340.566342 http://dl.acm.org/citation.cfm?id=566342},
volume = {20},
year = {2002}
}
@inproceedings{Preguica2009CRDTs,
author = {Preguica, Nuno and Marques, Joan Manuel and Shapiro, Marc and Letia, Mihai},
booktitle = {Proceedings of the 29th IEEE International Conference on Distributed Computing Systems (ICDCS'09)},
doi = {10.1109/ICDCS.2009.20},
file = {:home/chengli/Documents/Mendeley\_Papers/icdcs09-treedoc.pdf:pdf},
month = jun,
pages = {395--403},
publisher = {Ieee},
title = {{A Commutative Replicated Data Type for Cooperative Editing}},
url = {http://ieeexplore.ieee.org/lpdocs/epic03/wrapper.htm?arnumber=5158449},
year = {2009}
}

@inproceedings{Corbett2012Spanner,
 author = {Corbett, James C. and Dean, Jeffrey and Epstein, Michael and Fikes, Andrew and Frost, Christopher and Furman, J. J. and Ghemawat, Sanjay and Gubarev, Andrey and Heiser, Christopher and Hochschild, Peter and Hsieh, Wilson and Kanthak, Sebastian and Kogan, Eugene and Li, Hongyi and Lloyd, Alexander and Melnik, Sergey and Mwaura, David and Nagle, David and Quinlan, Sean and Rao, Rajesh and Rolig, Lindsay and Saito, Yasushi and Szymaniak, Michal and Taylor, Christopher and Wang, Ruth and Woodford, Dale},
 title = {Spanner: Google's Globally-distributed Database},
 booktitle = {Proceedings of the 10th USENIX Conference on Operating Systems Design and Implementation},
 series = {OSDI'12},
 year = {2012},
 isbn = {978-1-931971-96-6},
 location = {Hollywood, CA, USA},
 pages = {251--264},
 numpages = {14},
 url = {http://dl.acm.org/citation.cfm?id=2387880.2387905},
 acmid = {2387905},
 publisher = {USENIX Association},
 address = {Berkeley, CA, USA},
} 

@article{Letia2009CRDTs,
author = {Letia, Mihai and Pregui{\c c}a, Nuno M. and Shapiro, Marc},
file = {:home/chengli/Documents/Mendeley\_Papers/RR-6956.pdf:pdf},
journal = {CoRR},
title = {{CRDTs: Consistency without concurrency control}},
note = {\url{http://arxiv.org/abs/0907.0929}},
year = {2009}
}

@inproceedings{Yu2000TACT,
 author = {Yu, Haifeng and Vahdat, Amin},
 title = {Design and Evaluation of a Continuous Consistency Model for Replicated Services},
 booktitle = {Proceedings of the 4th Conference on Symposium on Operating System Design \& Implementation - Volume 4},
 series = {OSDI'00},
 year = {2000},
 location = {San Diego, California},
 pages = {21--21},
 numpages = {1},
 acmid = {1251250},
 publisher = {USENIX Association},
 address = {Berkeley, CA, USA},
}

@misc{Li2012Practical,
author = {Li, Harry C.},
title = { Practical consistency tradeoffs},
booktitle = {2012 ACM Symposium on Principles of Distributed Computing (PODC'12)},
note = "[Invited talk at PODC 2012]"
}

@inproceedings{Mazieres2002Fork,
 author = {Mazi\`{e}res, David and Shasha, Dennis},
 title = {Building secure file systems out of byzantine storage},
 booktitle = {PODC},
 year = {2002},
}

@misc{CassandraWeb,
title = {{Welcome to Apache Cassandra}},
howpublished = {\url{http://cassandra.apache.org/}},
note = "[accessed 09-February-2015]"
}

@PhdThesis{Kuncak2007Jahob,
 author = {Kuncak, Viktor},
 title = {Modular Data Structure Verification},
 school = {MPI},
 year = {2007},
 OPTkey = {},
 OPTtype = {},
 OPTaddress = {},
 OPTmonth = {},
 OPTnote = {},
 OPTannote = {},
 OPTurl = {},
 OPTurldate = {},
 OPTlastchecked = {},
 OPTdoi = {},
 OPTisbn = {},
 OPTissn = {},
 OPTlocalfile = {},
 OPTabstract = {},
 OPTkeywords = {},
}

@TechReport {Lamport2005GeneralizedPaxos,
author       = {Leslie Lamport},
institution  = {Microsoft Research},
number       = {MSR-TR-2005-33},
pages        = {60},
title        = {Generalized Consensus and Paxos},
year         = {2005},
}

@inproceedings{Hunt2010ZooKeeper,
 author = {Hunt, Patrick and Konar, Mahadev and Junqueira, Flavio P. and Reed, Benjamin},
 title = {ZooKeeper: Wait-free Coordination for Internet-scale Systems},
 booktitle = {Proceedings of the 2010 USENIX Annual Technical Conference (USENIX ATC'10)},
 year = {2010},
}

@article{Lamport1998Paxos,
 author = {Lamport, Leslie},
 title = {The Part-time Parliament},
 journal = {ACM Transactions on Computer Systems (TOCS)},
 year = {1998},
}


@article{Bailis2014Avoid,
 author = {Bailis, Peter and Fekete, Alan and Franklin, Michael J. and Ghodsi, Ali and Hellerstein, Joseph M. and Stoica, Ion},
 title = {Coordination Avoidance in Database Systems},
 journal = {Proc. VLDB Endow.},
 issue_date = {November 2014},
 volume = {8},
 number = {3},
 month = nov,
 year = {2014},
 issn = {2150-8097},
 pages = {185--196},
 numpages = {12},
 url = {http://dx.doi.org/10.14778/2735508.2735509},
 doi = {10.14778/2735508.2735509},
 acmid = {2735509},
 publisher = {VLDB Endowment},
} 

@INPROCEEDINGS{Pedone99genericbroadcast,
    author = {Fernando Pedone and Andr\'{e} Schiper},
    title = {Generic Broadcast},
    booktitle = {Proceedings of the 13th International Symposium on Distributed Computing (DISC'99)},
    year = {1999},
}

@inproceedings{Balegas2015Eventual,
 author = {Balegas, Valter and Duarte, S{\'e}rgio and Ferreira, Carla and Rodrigues, Rodrigo and Pregui\c{c}a, Nuno and Najafzadeh, Mahsa and Shapiro, Marc},
 title = {Putting Consistency Back into Eventual Consistency},
 booktitle = {Proceedings of the Tenth European Conference on Computer Systems},
 series = {EuroSys '15},
 year = {2015},
 isbn = {978-1-4503-3238-5},
 location = {Bordeaux, France},
 pages = {6:1--6:16},
 articleno = {6},
 numpages = {16},
 url = {http://doi.acm.org/10.1145/2741948.2741972},
 doi = {10.1145/2741948.2741972},
 acmid = {2741972},
 publisher = {ACM},
 address = {New York, NY, USA},
} 

@book{Bernstein1987CCR,
 author = {Bernstein, Philip A. and Hadzilacos, Vassco and Goodman, Nathan},
 title = {Concurrency Control and Recovery in Database Systems},
 year = {1987},
}

@inproceedings{Terry1995Managing,
	Author = {D. B. Terry and M. M. Theimer and Karin Petersen and A. J. Demers and M. J. Spreitzer and C. H. Hauser},
	booktitle = {SOSP},
	Title = {Managing update conflicts in {B}ayou, a weakly connected replicated storage system},
	Year = {1995},
}

@inproceedings{Mahajan2010Depot,
 author = {Mahajan, Prince and Setty, Srinath and Lee, Sangmin and Clement, Allen and Alvisi, Lorenzo and Dahlin, Mike and Walfish, Michael},
 title = {Depot: cloud storage with minimal trust},
 booktitle = {OSDI},
 year = {2010},
} 

@inproceedings{Feldman2010Sporc,
 author = {Feldman, Ariel J. and Zeller, William P. and Freedman, Michael J. and Felten, Edward W.},
 title = {SPORC: group collaboration using untrusted cloud resources},
 booktitle = {OSDI},
 year = {2010},
} 

@InProceedings{Shapiro2011Conflict,
  author = 	 {Marc Shapiro and Nuno Pregui{\c c}a and Carlos Baquero
                  and Marek Zawirski},
  title = 	 {Conflict-free Replicated Data Types},
  booktitle = {SSS},
  year =  {2011},
}

@article{Lamport1978Time,
        author = {Lamport, Leslie},
        title = {Time, clocks, and the ordering of events in a distributed system},
        journal = {Commun. ACM},
        year = {1978},
} 

@inproceedings{Krohn2004Sundr,
 author = {Li, Jinyuan and Krohn, Maxwell and Mazi\`{e}res, David and Shasha, Dennis},
 title = {Secure untrusted data repository (SUNDR)},
 booktitle = {OSDI},
 year = {2004},
}

@article{VanRenesse1996Horus,
	Author = {Robbert van Renesse and Kenneth P. Birman and Silvano Maffeis},
	Bibsource = {DBLP, http://dblp.uni-trier.de},
	Journal = {Commun. ACM},
	Title = {Horus: A Flexible Group Communication System.},
	Year = {1996}}

@inproceedings{Petersen1997Flexible,
        author = {Petersen, Karin and Spreitzer, Mike J. and Terry, Douglas B. and Theimer, Marvin M. and Demers, Alan J.},
        title = {Flexible update propagation for weakly consistent replication},
        booktitle = {SOSP},
        year = {1997},
} 

@article{Kraska2009ConsisRation,
 author = {Kraska, Tim and Hentschel, Martin and Alonso, Gustavo and Kossmann, Donald},
 title = {Consistency Rationing in the Cloud: Pay Only when It Matters},
 journal = {Proc. VLDB Endow.},
 issue_date = {August 2009},
 volume = {2},
 number = {1},
 month = aug,
 year = {2009},
 issn = {2150-8097},
 pages = {253--264},
 numpages = {12},
 url = {http://dl.acm.org/citation.cfm?id=1687627.1687657},
 acmid = {1687657},
 publisher = {VLDB Endowment},
}


@inproceedings{Ellis1989Concurrency,
 author = {Ellis, C. A. and Gibbs, S. J.},
 title = {Concurrency control in groupware systems},
 booktitle = {SIGMOD},
 year = {1989},
} 

@inproceedings{Gray1981NestedTransactions,
 author = {J. Gray},
 title = {The Transaction Concept: Virtues and Limitations},
 booktitle = {VLDB},
 year = {1981},
} 

@misc{deltaTxBlog,
        Author = {Dan Stocker},
        Howpublished = {\url{http://collectiveweb.wordpress.com/2010/03/01/delta-transactions/}},
        Title = {Delta Transactions},
        Year = 2010}
}

@inproceedings{Terry1994Session,
 author = {Terry, Douglas B. and Demers, Alan J. and Petersen, Karin and Spreitzer, Mike and Theimer, Marvin and Welch, Brent W.},
 title = {Session Guarantees for Weakly Consistent Replicated Data},
 booktitle = {PDIS},
 year = {1994},
} 

@TechReport{Ahamad1994causalmemory,
author = {Mustaque Ahamad and Gil Neiger and James E. Burns and Prince Kohli and P.W. Hutto},
title = {Causal Memory: Definitions, Implementation and Programming},
institution = {Georgia Institute of Technology},
year = {1994},
}

@article{Floyd1997Multicast,
 author = {Floyd, Sally and Jacobson, Van and Liu, Ching-Gung and McCanne, Steven and Zhang, Lixia},
 title = {A reliable multicast framework for light-weight sessions and application level framing},
 journal = {IEEE/ACM Trans. Netw.},
 year = {1997},
} 

@misc{TPC-Wv18,
        Author = {TPCW consortium},
        Howpublished = {\url{http://www.tpc.org/tpcw/spec/tpcw_v1.8.pdf}},
        Title = {TPC Benchmark-W Specification v. 1.8},
        Year = 2002}
}

@misc{RUBiS,
        Author = {Cecchet Emmanuel and Marguerite Julie},
        Howpublished = {\url{http://rubis.ow2.org/}},
        Title = {RUBiS: Rice University Bidding System},
        Year = 2009}
}

@misc{Quoddy,
        Author = {{Fogbeam Labs}},
        Note = {\url{"http://code.google.com/p/quoddy/"}},
        Title = {Quoddy code repository},
        Year = {2012}}

@misc{TPC-WCode,
        Author = {},
        Note = {\url{"https://fenix-ashes.ist.utl.pt/open/trunk/fenix-framework/"}},
        Title = {TPC-W code repository},
        Year = {}}
        
@misc{TPC-WFenix,
        Author = {Antonio {Rito da Silva et al}},
        Howpublished = {\url{ https://fenix-cvs.ist.utl.pt}},
        Title = {Project Fenix applications and Information Systems of Instituto Superior Tcnico},
        Year = 2012}
}

@inproceedings{Cecchet2008Middleware,
 author = {Cecchet, Emmanuel and Candea, George and Ailamaki, Anastasia},
 title = {Middleware-based database replication: the gaps between theory and practice},
 booktitle = {SIGMOD},
 year = {2008},
} 

@misc{ebayUrl,
        Author = {},
        Howpublished = {\url{ http://http://www.ebay.com/}},
        Title = {Ebay website},
        Year = 2012}
}


@inproceedings{Benevenuto2009Character,
 author = {Benevenuto, Fabr\'{\i}cio and Rodrigues, Tiago and Cha, Meeyoung and Almeida, Virg\'{\i}lio},
 title = {Characterizing User Behavior in Online Social Networks},
 booktitle = {Proceedings of the 9th ACM SIGCOMM Conference on Internet Measurement Conference},
 series = {IMC '09},
 year = {2009},
 isbn = {978-1-60558-771-4},
 location = {Chicago, Illinois, USA},
 pages = {49--62},
 numpages = {14},
 url = {http://doi.acm.org/10.1145/1644893.1644900},
 doi = {10.1145/1644893.1644900},
 acmid = {1644900},
 publisher = {ACM},
 address = {New York, NY, USA},
 keywords = {browsing, clickstream, online social networks, session, silent activity, social network aggregator, user behavior},
} 

@Misc{Hoff2009HighScalability,
OPTkey = {},
author = {Todd Hoff},
title = {Latency Is Everywhere And It Costs You Sales - How To Crush It},
howpublished = {\url{http://tinyurl.com/5g8mp2}},
OPTmonth = {},
year = {2009},
OPTnote = {},
OPTannote = {}
}

@inproceedings{Lloyd2013Stronger,
 author = {Lloyd, Wyatt and Freedman, Michael J. and Kaminsky, Michael and Andersen, David G.},
 title = {Stronger Semantics for Low-latency Geo-replicated Storage},
 booktitle = {Proc. of the 10th USENIX NSDI},
 year = {2013},
 location = {Lombard, IL},
 pages = {313--328},
 numpages = {16},
 publisher = {USENIX Association},
 address = {Berkeley, CA, USA},
}

@inproceedings{Almeida2013Chainreaction,
 author = {Almeida, S{\'e}rgio and Leit\~{a}o, Jo\~{a}o and Rodrigues, Lu\'{\i}s},
 title = {ChainReaction: A Causal+ Consistent Datastore Based on Chain Replication},
 booktitle = {Proceedings of the 8th ACM European Conference on Computer Systems},
 series = {EuroSys '13},
 year = {2013},
 isbn = {978-1-4503-1994-2},
 location = {Prague, Czech Republic},
 pages = {85--98},
 numpages = {14},
 url = {http://doi.acm.org/10.1145/2465351.2465361},
 doi = {10.1145/2465351.2465361},
 acmid = {2465361},
 publisher = {ACM},
 address = {New York, NY, USA},
 keywords = {causal+ consistency, chain-replication, geo-replication, key-value storage},
} 

@inproceedings{Zhang2013TransactionChain,
 author = {Zhang, Yang and Power, Russell and Zhou, Siyuan and Sovran, Yair and Aguilera, Marcos K. and Li, Jinyang},
 title = {Transaction Chains: Achieving Serializability with Low Latency in Geo-distributed Storage Systems},
 booktitle = {Proceedings of the Twenty-Fourth ACM Symposium on Operating Systems Principles},
 series = {SOSP '13},
 year = {2013},
 isbn = {978-1-4503-2388-8},
 location = {Farminton, Pennsylvania},
 pages = {276--291},
 numpages = {16},
 url = {http://doi.acm.org/10.1145/2517349.2522729},
 doi = {10.1145/2517349.2522729},
 acmid = {2522729},
 publisher = {ACM},
 address = {New York, NY, USA},
} 

@inproceedings{dynamoDB,
 author = {Sivasubramanian, Swaminathan},
 title = {Amazon dynamo{DB}: A Seamlessly Scalable Non-relational Database Service},
 booktitle = {SIGMOD},
 series = {},
 year = {2012},
 isbn = {978-1-4503-1247-9},
 location = {},
 pages = {},
 numpages = {},
 url = {http://doi.acm.org/10.1145/2213836.2213945},
 doi = {10.1145/2213836.2213945},
 acmid = {2213945},
 publisher = {},
 address = {},
 keywords = {distributed databases, non-relational databases, scalability},
}

@Misc{GoogleAppEngine,
author = {Google},
title = {Welcome to Google App Engine},
howpublished = {\url{https://appengine.google.com/}},
OPTmonth = {Nov},
OPTyear = {2013},
note = {Accessed Jan-2014},
}


@Misc{OracleNoSQL,
author = {Oracle},
title = {Oracle NoSQL Database},
howpublished = {\url{http://tinyurl.com/oxws5j8}},
OPTmonth = {11},
OPTyear = {2013},
note = {Accessed Jan-2014},
}

@inproceedings{Preguica2009CRDT,
 author = {Preguica, Nuno and Marques, Joan Manuel and Shapiro, Marc and Letia, Mihai},
 title = {A Commutative Replicated Data Type for Cooperative Editing},
 booktitle = {Proc. of the 29th IEEE ICDCS},
 series = {ICDCS '09},
 year = {2009},
 isbn = {978-0-7695-3659-0},
 pages = {395--403},
 numpages = {9},
 url = {http://dx.doi.org/10.1109/ICDCS.2009.20},
 doi = {10.1109/ICDCS.2009.20},
 acmid = {1584604},
 publisher = {IEEE Computer Society},
 address = {Washington, DC, USA},
 keywords = {commutative replicated data type, distributed algorithms, replicated data, co-operative editing, dense identifier space},
}

@article{Lakshman2010Cassandra,
 author = {Lakshman, Avinash and Malik, Prashant},
 title = {Cassandra: A Decentralized Structured Storage System},
 journal = {SIGOPS Oper. Syst. Rev.},
 issue_date = {April 2010},
 volume = {44},
 number = {2},
 month = apr,
 year = {2010},
 issn = {0163-5980},
 pages = {35--40},
 numpages = {6},
 publisher = {ACM},
 address = {New York, NY, USA},
}


@inproceedings{Clements2013Scalable,
 author = {Clements, Austin T. and Kaashoek, M. Frans and Zeldovich, Nickolai and Morris, Robert T. and Kohler, Eddie},
 title = {The Scalable Commutativity Rule: Designing Scalable Software for Multicore Processors},
 booktitle = {Proceedings of the Twenty-Fourth ACM Symposium on Operating Systems Principles},
 series = {SOSP '13},
 year = {2013},
 isbn = {978-1-4503-2388-8},
 location = {Farminton, Pennsylvania},
 pages = {1--17},
 numpages = {17},
 url = {http://doi.acm.org/10.1145/2517349.2522712},
 doi = {10.1145/2517349.2522712},
 acmid = {2522712},
 publisher = {ACM},
 address = {New York, NY, USA},
} 

@article{Roy2014Adaptive,
  author    = {Sudip Roy and
               Lucja Kot and
               Nate Foster and
               Johannes Gehrke and
               Hossein Hojjat and
               Christoph Koch},
  title     = {Writes that Fall in the Forest and Make no Sound: Semantics-Based
               Adaptive Data Consistency},
  journal   = {CoRR},
  volume    = {abs/1403.2307},
  year      = {2014},
  ee        = {http://arxiv.org/abs/1403.2307},
  bibsource = {DBLP, http://dblp.uni-trier.de}
}

@inproceedings{Liu2014Warranties,
 author = {Liu, Jed and Magrino, Tom and Arden, Owen and George, Michael D. and Myers, Andrew C.},
 title = {Warranties for Faster Strong Consistency},
 booktitle = {Proc. of the 11th USENIX NSDI},
 year = {2014},
 isbn = {978-1-931971-09-6},
 location = {Seattle, WA},
 pages = {503--517},
 numpages = {15},
 publisher = {USENIX Association},
 address = {Berkeley, CA, USA},
}

@article{Weihl1988Commutativity,
 author = {Weihl, W. E.},
 title = {Commutativity-Based Concurrency Control for Abstract Data Types},
 journal = {IEEE Trans. Comput.},
 issue_date = {1988},
 volume = {},
 number = {},
 month = {},
 year = {1988},
 issn = {0018-9340},
 pages = {},
 numpages = {},
 publisher = {IEEE Computer Society},
 address = {Washington, DC, USA},
 keywords = {abstract data types, commutativity, concurrency algorithms, concurrency control, dynamic atomicity, intentions lists, local atomicity property, nondeterministic, parallel processing., partial, recovery methods, serializability, undo logs}
}

@inproceedings{Aleen2009CommuteAnalysis,
 author = {Aleen, Farhana and Clark, Nathan},
 title = {Commutativity Analysis for Software Parallelization: Letting Program Transformations See the Big Picture},
 booktitle = {Proceedings of the 14th International Conference on Architectural Support for Programming Languages and Operating Systems},
 series = {ASPLOS XIV},
 year = {2009},
 isbn = {978-1-60558-406-5},
 location = {Washington, DC, USA},
 pages = {241--252},
 numpages = {12},
 url = {http://doi.acm.org/10.1145/1508244.1508273},
 doi = {10.1145/1508244.1508273},
 acmid = {1508273},
 publisher = {ACM},
 address = {New York, NY, USA},
 keywords = {automatic software parallelization, commutative functions, random interpretation},
} 

@inproceedings{Kim2011CommuteVerification,
 author = {Kim, Deokhwan and Rinard, Martin C.},
 title = {Verification of Semantic Commutativity Conditions and Inverse Operations on Linked Data Structures},
 booktitle = {Proceedings of the 32Nd ACM SIGPLAN Conference on Programming Language Design and Implementation},
 series = {PLDI '11},
 year = {2011},
 isbn = {978-1-4503-0663-8},
 location = {San Jose, California, USA},
 pages = {528--541},
 numpages = {14},
 url = {http://doi.acm.org/10.1145/1993498.1993561},
 doi = {10.1145/1993498.1993561},
 acmid = {1993561},
 publisher = {ACM},
 address = {New York, NY, USA},
 keywords = {commutativity condition, data structure, inverse operation, verification},
}

@misc{SIEVESampleData2014,
        Author = {},
        Howpublished = {\url{http://www.mpi-sws.org/~chengli/atc2014files/}},
        Title = {SIEVE example files},
        Year = {2014}
}

@misc{javaparser,
author = {},
title  = {The web page of JavaParser},
date   = {2013-11},
Howpublished = {\url{http://code.google.com/p/javaparser}}
}


@inproceedings{Roy2015Homeostasis,
 author = {Roy, Sudip and Kot, Lucja and Bender, Gabriel and Ding, Bailu and Hojjat, Hossein and Koch, Christoph and Foster, Nate and Gehrke, Johannes},
 title = {The Homeostasis Protocol: Avoiding Transaction Coordination Through Program Analysis},
 booktitle = {Proceedings of the 2015 ACM SIGMOD International Conference on Management of Data},
 series = {SIGMOD '15},
 year = {2015},
 isbn = {978-1-4503-2758-9},
 location = {Melbourne, Victoria, Australia},
 pages = {1311--1326},
 numpages = {16},
 url = {http://doi.acm.org/10.1145/2723372.2723720},
 doi = {10.1145/2723372.2723720},
 acmid = {2723720},
 publisher = {ACM},
 address = {New York, NY, USA},
 keywords = {coordination-free, geo-replication, program analysis},
} 

@inproceedings{Gray1996Dangers,
 author = {Gray, Jim and Helland, Pat and O'Neil, Patrick and Shasha, Dennis},
 title = {The dangers of replication and a solution},
 booktitle = {SIGMOD},
 year = {1996},
}

@Misc{bing,
author = {Microsoft},
title = {Microsoft Bing Web Page},
howpublished = {\url{http://www.bing.com/}},
note = {Accessed May-2015},
}

@Misc{AmazonEcommerceStat,
author = {statista},
title = {Number of worldwide active Amazon customer accounts from 1997 to 2014 (in millions)},
howpublished = {\url{http://www.statista.com/statistics/237810/number-of-active-amazon-customer-accounts-worldwide/}},
note = {Accessed May-2015},
}

@Misc{GoogleABTest,
author = {GREG LINDEN},
title = {Marissa Mayer at Web 2.0},
howpublished = {\url{http://glinden.blogspot.pt/2006/11/marissa-mayer-at-web-20.html}},
note = {Accessed May-2015},
}

@inproceedings{Bronson2013TAO,
 author = {Bronson, Nathan and Amsden, Zach and Cabrera, George and Chakka, Prasad and Dimov, Peter and Ding, Hui and Ferris, Jack and Giardullo, Anthony and Kulkarni, Sachin and Li, Harry and Marchukov, Mark and Petrov, Dmitri and Puzar, Lovro and Song, Yee Jiun and Venkataramani, Venkat},
 title = {TAO: Facebook's Distributed Data Store for the Social Graph},
 booktitle = {Proceedings of the 2013 USENIX Conference on Annual Technical Conference},
 series = {USENIX ATC'13},
 year = {2013},
 location = {San Jose, CA},
 pages = {49--60},
 numpages = {12},
 url = {http://dl.acm.org/citation.cfm?id=2535461.2535468},
 acmid = {2535468},
 publisher = {USENIX Association},
 address = {Berkeley, CA, USA},
} 

@misc{Schurman2009latency,
  author = { Eric Schurman and Jake Brutlag},
  title = { Performance Related Changes and their User Impact. {P}resented at Velocity Web Performance and Operations Conference},
  howpublished = {\url{http://slideplayer.com/slide/1402419/}},
  year = {2009},
} 

@inproceedings{Li2015PoR,
 author = {Li, Cheng and Leit\~{a}o, Jo\~{a}o and Clement, Allen and Pregui\c{c}a, Nuno and Rodrigues, Rodrigo},
 title = {Minimizing Coordination in Replicated Systems},
 booktitle = {Proceedings of the First Workshop on Principles and Practice of Consistency for Distributed Data},
 series = {PaPoC '15},
 year = {2015},
 isbn = {978-1-4503-3537-9},
 location = {Bordeaux, France},
 pages = {8:1--8:4},
 articleno = {8},
 numpages = {4},
 url = {http://doi.acm.org/10.1145/2745947.2745955},
 doi = {10.1145/2745947.2745955},
 acmid = {2745955},
 publisher = {ACM},
 address = {New York, NY, USA},
}


@inproceedings{Kraska2013MDCC,
 author = {Kraska, Tim and Pang, Gene and Franklin, Michael J. and Madden, Samuel and Fekete, Alan},
 title = {MDCC: Multi-data Center Consistency},
 booktitle = {Proceedings of the 8th ACM European Conference on Computer Systems},
 series = {EuroSys '13},
 year = {2013},
 isbn = {978-1-4503-1994-2},
 location = {Prague, Czech Republic},
 pages = {113--126},
 numpages = {14},
 url = {http://doi.acm.org/10.1145/2465351.2465363},
 doi = {10.1145/2465351.2465363},
 acmid = {2465363},
 publisher = {ACM},
 address = {New York, NY, USA},
} 

@article{Schneider1990RSM,
 author = {Schneider, Fred B.},
 title = {Implementing Fault-tolerant Services Using the State Machine Approach: A Tutorial},
 journal = {ACM Comput. Surv.},
 issue_date = {Dec. 1990},
 volume = {22},
 number = {4},
 month = dec,
 year = {1990},
 issn = {0360-0300},
 pages = {299--319},
 numpages = {21},
 url = {http://doi.acm.org/10.1145/98163.98167},
 doi = {10.1145/98163.98167},
 acmid = {98167},
 publisher = {ACM},
 address = {New York, NY, USA},
}

@Misc{MySQL,
author = {},
title = {MySQL, The world's most popular open source database},
howpublished = {\url{https://www.mysql.com/}},
note = {Accessed Sep-2015},
}

@Misc{Netty,
author = {},
title = {Netty IO},
howpublished = {\url{http://netty.io/}},
note = {Accessed Sep-2015},
}

@Misc{JdbcDriver,
author = {},
title = {JDBC Driver for MySQL},
howpublished = {\url{http://dev.mysql.com/downloads/connector/j/}},
note = {Accessed Sep-2015},
}

@Misc{GeminiSource,
author = {},
title = {The sourcecode repository and running instructions for \gemini},
howpublished = {\url{http://www.mpi-sws.org/~chengli/}},
note = {Accessed Sep-2015},
}

@Misc{SIEVESource,
author = {},
title = {The sourcecode repository and running instructions for \tool},
howpublished = {\url{http://www.mpi-sws.org/~chengli/}},
note = {Accessed Sep-2015},
}


@Misc{AmazonEC2,
author = {},
title = {Amazon Elastic Compute Cloud (EC2)},
howpublished = {\url{https://aws.amazon.com/ec2/}},
note = {Accessed Sep-2015},
}

@Book{SQLStandard,
 title = {SQL-99 Complete, Really},
 publisher = {CMP Books},
 year = {1999},
 ALTauthor = {Gulutzan, Peter and Pelzer, Trudy},
 ALTeditor = {},
 OPTkey = {},
 OPTvolume = {},
 OPTnumber = {},
 OPTseries = {},
 OPTaddress = {},
 OPTedition = {},
 OPTmonth = {March},
 OPTnote = {},
 OPTannote = {},
 OPTurl = {},
 OPTurldate = {},
 OPTlastchecked = {},
 OPTdoi = {},
 OPTisbn = {978-0879305680},
 OPTissn = {},
 OPTlocalfile = {},
 OPTabstract = {},
 OPTkeywords = {},
}

@Misc{riakmap,
author = {},
title = {Using Data Types -- Riak Documentation},
howpublished = {\url{http://docs.basho.com/riak/latest/dev/using/data-types/}},
note = {Accessed Sep-2015},
}

@inproceedings{Xie2014Salt,
 author = {Xie, Chao and Su, Chunzhi and Kapritsos, Manos and Wang, Yang and Yaghmazadeh, Navid and Alvisi, Lorenzo and Mahajan, Prince},
 title = {Salt: Combining ACID and BASE in a Distributed Database},
 booktitle = {Proceedings of the 11th USENIX Conference on Operating Systems Design and Implementation},
 series = {OSDI'14},
 year = {2014},
 isbn = {978-1-931971-16-4},
 location = {Broomfield, CO},
 pages = {495--509},
 numpages = {15},
 url = {http://dl.acm.org/citation.cfm?id=2685048.2685087},
 acmid = {2685087},
 publisher = {USENIX Association},
 address = {Berkeley, CA, USA},
}

@inproceedings{Narula2014PhaseReconcile,
 author = {Narula, Neha and Cutler, Cody and Kohler, Eddie and Morris, Robert},
 title = {Phase Reconciliation for Contended In-memory Transactions},
 booktitle = {Proceedings of the 11th USENIX Conference on Operating Systems Design and Implementation},
 series = {OSDI'14},
 year = {2014},
 isbn = {978-1-931971-16-4},
 location = {Broomfield, CO},
 pages = {511--524},
 numpages = {14},
 url = {http://dl.acm.org/citation.cfm?id=2685048.2685088},
 acmid = {2685088},
 publisher = {USENIX Association},
 address = {Berkeley, CA, USA},
}

@article{BarbaraMilla1994Demarcation,
 author = {Barbar\'{a}-Mill\'{a}, Daniel and Garcia-Molina, Hector},
 title = {The Demarcation Protocol: A Technique for Maintaining Constraints in Distributed Database Systems},
 journal = {The VLDB Journal},
 issue_date = {July 1994},
 volume = {3},
 number = {3},
 month = jul,
 year = {1994},
 issn = {1066-8888},
 pages = {325--353},
 numpages = {29},
 url = {http://dx.doi.org/10.1007/BF01232643},
 doi = {10.1007/BF01232643},
 acmid = {615201},
 publisher = {Springer-Verlag New York, Inc.},
 address = {Secaucus, NJ, USA},
 keywords = {consistency constraints, serializability, transaction limits},
} 

@article{Gupta2014Mesa,
 author = {Gupta, Ashish and Yang, Fan and Govig, Jason and Kirsch, Adam and Chan, Kelvin and Lai, Kevin and Wu, Shuo and Dhoot, Sandeep Govind and Kumar, Abhilash Rajesh and Agiwal, Ankur and Bhansali, Sanjay and Hong, Mingsheng and Cameron, Jamie and Siddiqi, Masood and Jones, David and Shute, Jeff and Gubarev, Andrey and Venkataraman, Shivakumar and Agrawal, Divyakant},
 title = {Mesa: Geo-replicated, Near Real-time, Scalable Data Warehousing},
 journal = {Proc. VLDB Endow.},
 issue_date = {August 2014},
 volume = {7},
 number = {12},
 month = aug,
 year = {2014},
 issn = {2150-8097},
 pages = {1259--1270},
 numpages = {12},
 url = {http://dx.doi.org/10.14778/2732977.2732999},
 doi = {10.14778/2732977.2732999},
 acmid = {2732999},
 publisher = {VLDB Endowment},
}

@article{Traiger1982TxnConsistency,
 author = {Traiger, Irving L. and Gray, Jim and Galtieri, Cesare A. and Lindsay, Bruce G.},
 title = {Transactions and Consistency in Distributed Database Systems},
 journal = {ACM Trans. Database Syst.},
 issue_date = {Sept. 1982},
 volume = {7},
 number = {3},
 month = sep,
 year = {1982},
 issn = {0362-5915},
 pages = {323--342},
 numpages = {20},
 url = {http://doi.acm.org/10.1145/319732.319734},
 doi = {10.1145/319732.319734},
 acmid = {319734},
 publisher = {ACM},
 address = {New York, NY, USA},
 keywords = {concurrency control, data partitioning, data replication, recovery},
}

@inproceedings{Baquero2014OpCRDT,
 author = {Baquero, Carlos and Almeida, Paulo S{\'e}rgio and Shoker, Ali},
 title = {Making Operation-based CRDTs Operation-based},
 booktitle = {Proceedings of the First Workshop on Principles and Practice of Eventual Consistency},
 series = {PaPEC '14},
 year = {2014},
 isbn = {978-1-4503-2716-9},
 location = {Amsterdam, The Netherlands},
 pages = {7:1--7:2},
 articleno = {7},
 numpages = {2},
 url = {http://doi.acm.org/10.1145/2596631.2596632},
 doi = {10.1145/2596631.2596632},
 acmid = {2596632},
 publisher = {ACM},
 address = {New York, NY, USA},
 keywords = {eventual consistency, operation-based CRDTs},
}

@inproceedings{Conway2012Logic,
 author = {Conway, Neil and Marczak, William R. and Alvaro, Peter and Hellerstein, Joseph M. and Maier, David},
 title = {Logic and Lattices for Distributed Programming},
 booktitle = {Proceedings of the Third ACM Symposium on Cloud Computing},
 series = {SoCC '12},
 year = {2012},
 isbn = {978-1-4503-1761-0},
 location = {San Jose, California},
 pages = {1:1--1:14},
 articleno = {1},
 numpages = {14},
 url = {http://doi.acm.org/10.1145/2391229.2391230},
 doi = {10.1145/2391229.2391230},
 acmid = {2391230},
 publisher = {ACM},
 address = {New York, NY, USA},
 keywords = {Bloom, distributed programming, eventual consistency, lattice},
}

@article{Garcia-Molina1983Semantic,
 author = {Garcia-Molina, Hector},
 title = {Using Semantic Knowledge for Transaction Processing in a Distributed Database},
 journal = {ACM Trans. Database Syst.},
 issue_date = {June 1983},
 volume = {8},
 number = {2},
 month = jun,
 year = {1983},
 issn = {0362-5915},
 pages = {186--213},
 numpages = {28},
 url = {http://doi.acm.org/10.1145/319983.319985},
 doi = {10.1145/319983.319985},
 acmid = {319985},
 publisher = {ACM},
 address = {New York, NY, USA},
 keywords = {concurrency control, consistency, locking, schedule, semantic knowledge, serializability},
} 

@inproceedings{Moraru2013EPaxos,
 author = {Moraru, Iulian and Andersen, David G. and Kaminsky, Michael},
 title = {There is More Consensus in Egalitarian Parliaments},
 booktitle = {Proceedings of the Twenty-Fourth ACM Symposium on Operating Systems Principles},
 series = {SOSP '13},
 year = {2013},
 isbn = {978-1-4503-2388-8},
 location = {Farminton, Pennsylvania},
 pages = {358--372},
 numpages = {15},
 url = {http://doi.acm.org/10.1145/2517349.2517350},
 doi = {10.1145/2517349.2517350},
 acmid = {2517350},
 publisher = {ACM},
 address = {New York, NY, USA},
}

@article{Balegas2015FastInvariant,
 author = {Balegas, Valter and Duarte, S{\'e}rgio and Ferreira, Carla and Rodrigues, Rodrigo and Pregui\c{c}a, Nuno and Najafzadeh, Mahsa and Shapiro, Marc},
 title = {Towards Fast Invariant Preservation in Geo-replicated Systems},
 journal = {SIGOPS Oper. Syst. Rev.},
 issue_date = {January 2015},
 volume = {49},
 number = {1},
 month = jan,
 year = {2015},
 issn = {0163-5980},
 pages = {121--125},
 numpages = {5},
 url = {http://doi.acm.org/10.1145/2723872.2723889},
 doi = {10.1145/2723872.2723889},
 acmid = {2723889},
 publisher = {ACM},
 address = {New York, NY, USA},
} 

@inproceedings{Xie2015HAV,
 author = {Xie, Chao and Su, Chunzhi and Littley, Cody and Alvisi, Lorenzo and Kapritsos, Manos and Wang, Yang},
 title = {High-performance ACID via Modular Concurrency Control},
 booktitle = {Proceedings of the 25th Symposium on Operating Systems Principles},
 series = {SOSP '15},
 year = {2015},
 isbn = {978-1-4503-3834-9},
 location = {Monterey, California},
 pages = {279--294},
 numpages = {16},
 url = {http://doi.acm.org/10.1145/2815400.2815430},
 doi = {10.1145/2815400.2815430},
 acmid = {2815430},
 publisher = {ACM},
 address = {New York, NY, USA},
}

@inproceedings{Sharma2015Wormhole,
 author = {Sharma, Yogeshwer and Ajoux, Philippe and Ang, Petchean and Callies, David and Choudhary, Abhishek and Demailly, Laurent and Fersch, Thomas and Guz, Liat Atsmon and Kotulski, Andrzej and Kulkarni, Sachin and Kumar, Sanjeev and Li, Harry and Li, Jun and Makeev, Evgeniy and Prakasam, Kowshik and Van Renesse, Robbert and Roy, Sabyasachi and Seth, Pratyush and Song, Yee Jiun and Veeraraghavan, Kaushik and Wester, Benjamin and Xie, Peter},
 title = {Wormhole: Reliable Pub-sub to Support Geo-replicated Internet Services},
 booktitle = {Proceedings of the 12th USENIX Conference on Networked Systems Design and Implementation},
 series = {NSDI'15},
 year = {2015},
 isbn = {978-1-931971-218},
 location = {Oakland, CA},
 pages = {351--366},
 numpages = {16},
 url = {http://dl.acm.org/citation.cfm?id=2789770.2789795},
 acmid = {2789795},
 publisher = {USENIX Association},
 address = {Berkeley, CA, USA},
}

@inproceedings{Zhang2015InconsRep,
 author = {Zhang, Irene and Sharma, Naveen Kr. and Szekeres, Adriana and Krishnamurthy, Arvind and Ports, Dan R. K.},
 title = {Building Consistent Transactions with Inconsistent Replication},
 booktitle = {Proceedings of the 25th Symposium on Operating Systems Principles},
 series = {SOSP '15},
 year = {2015},
 isbn = {978-1-4503-3834-9},
 location = {Monterey, California},
 pages = {263--278},
 numpages = {16},
 url = {http://doi.acm.org/10.1145/2815400.2815404},
 doi = {10.1145/2815400.2815404},
 acmid = {2815404},
 publisher = {ACM},
 address = {New York, NY, USA},
}

@Article {Lamport2006FastPaxos,
author       = {Leslie Lamport},
institution  = {Microsoft Research},
journal      = {Distributed Computing},
month        = {October},
number       = {2},
pages        = {79-103},
title        = {Fast Paxos},
url          = {http://research.microsoft.com/apps/pubs/default.aspx?id=64624},
volume       = {19},
year         = {2006},
}

@ARTICLE{Shasha1995Chopping,
    author = {Dennis Shasha and Dennis Shasha and Francois Llirbat and Francois Llirbat and Eric Simon and Eric Simon and Patrick Valduriez and Patrick Valduriez},
    title = {Transaction Chopping: Algorithms and Performances Studies},
    journal = {ACM Transactions on Database Systems},
    year = {1995},
    volume = {20},
    pages = {325--363}
}
   

@inproceedings{GotsmanConsistencyReason,
 author = {Gotsman, Alexey and Yang,  Hongseok and Ferreira, Carla and Najafzadeh, Mahsa and Shapiro, Marc},
 title = {'Cause I'm strong enough: reasoning about consistency choices in distributed systems},
 booktitle = {Proceedings of the 42nd ACM SIGPLAN-SIGACT Symposium on Principles of Programming Languages},
 series = {POPL'15},
 year = {2015},
 publisher = {ACM},
 address = {New York, NY, USA},
} 

@Misc{bftsmartcode,
author = {Sousa, Jo{\~ a}o and Alchieri, Eduardo and Bessani, Alysson},
title = {The sourcecode of the BFTSmart library},
howpublished = {\url{https://github.com/bft-smart/library}},
note = {Accessed Dec-2015},
}

@Misc{olisipocode,
author = {},
title = {The sourcecode of Olisipo},
howpublished = {\url{https://github.com/pandaworrior/VascoRepo}},
note = {Accessed Dec-2015},
}

@Misc{codecounter,
author = {},
title = {Count Lines of Code},
howpublished = {\url{http://cloc.sourceforge.net/}},
note = {Accessed Dec-2015},
}


@misc{OlisipoTranstionTable,
        Author = {},
        Howpublished = {\url{http://www.mpi-sws.org/~chengli/olisipofiles/workload/vasco_transitions_3.xls}},
        Title = {Modified RUBiS transition table},
        Year = {Published Dec-2015}
}

@inproceedings{Bessani2014SMR,
 author = {Bessani, Alysson and Sousa, Jo\~{a}o and Alchieri, Eduardo E. P.},
 title = {State Machine Replication for the Masses with BFT-SMART},
 booktitle = {Proceedings of the 2014 44th Annual IEEE/IFIP International Conference on Dependable Systems and Networks},
 series = {DSN '14},
 year = {2014},
 isbn = {978-1-4799-2233-8},
 pages = {355--362},
 numpages = {8},
 url = {http://dx.doi.org/10.1109/DSN.2014.43},
 doi = {10.1109/DSN.2014.43},
 acmid = {2672428},
 publisher = {IEEE Computer Society},
 address = {Washington, DC, USA},
 keywords = {state machine replication, byzantine fault tolerance},
} 
